<?xml version="1.0" encoding="UTF-8"?><record xmlns="http://www.loc.gov/MARC21/slim" xmlns:cinclude="http://apache.org/cocoon/include/1.0" xmlns:zs="http://www.loc.gov/zing/srw/">
  <leader>00440nz  a2200121n  4500</leader>
  <controlfield tag="001">n 2008019162</controlfield>
  <controlfield tag="003">DLC</controlfield>
  <controlfield tag="005">20080318074943.0</controlfield>
  <controlfield tag="008">080317n| acannaabn          |n ana      </controlfield>
  <datafield tag="010" ind1=" " ind2=" ">
    <subfield code="a">n 2008019162</subfield>
  </datafield>
  <datafield tag="040" ind1=" " ind2=" ">
    <subfield code="a">DLC</subfield>
    <subfield code="b">eng</subfield>
    <subfield code="c">DLC</subfield>
  </datafield>
  <datafield tag="130" ind1=" " ind2="0">
    <subfield code="a">Poor chef (Television program)</subfield>
  </datafield>
  <datafield tag="670" ind1=" " ind2=" ">
    <subfield code="a">Mattocks, Charles. The poor chef cookbook, c2009:</subfield>
    <subfield code="b">ECIP t.p. (poor chef) ECIP data view (Poor chef is weekly TV program; shown primarily in Southeastern part of the US)</subfield>
  </datafield>
</record>